<record><leader>00000cas a22000007i 4500</leader><controlfield tag="001">887952262</controlfield><controlfield tag="006">m     o  d        </controlfield><controlfield tag="007">cr |n|000|||||</controlfield><controlfield tag="008">920108d19091923azuwr neo     0   a0eng  </controlfield><datafield ind1=" " ind2=" " tag="010"><subfield code="a">  2014218611</subfield></datafield><datafield ind1=" " ind2=" " tag="040"><subfield code="a">Nz</subfield><subfield code="b">eng</subfield><subfield code="e">rda</subfield><subfield code="c">Z5A</subfield><subfield code="d">OCLCO</subfield><subfield code="d">DLC</subfield><subfield code="d">OCLCF</subfield></datafield><datafield ind1="0" ind2=" " tag="022"><subfield code="a">2375-1770</subfield><subfield code="2">1</subfield></datafield><datafield ind1="0" ind2=" " tag="029"><subfield code="a">NZ1</subfield><subfield code="b">15558894</subfield></datafield><datafield ind1="1" ind2=" " tag="029"><subfield code="a">NZ1</subfield><subfield code="b">16177547</subfield></datafield><datafield ind1=" " ind2=" " tag="042"><subfield code="a">msc</subfield><subfield code="a">nsdp</subfield></datafield><datafield ind1=" " ind2=" " tag="043"><subfield code="a">n-us-az</subfield></datafield><datafield ind1="1" ind2="0" tag="050"><subfield code="a">ISSN RECORD</subfield></datafield><datafield ind1="0" ind2="0" tag="082"><subfield code="a">071</subfield><subfield code="2">23</subfield></datafield><datafield ind1="0" ind2=" " tag="130"><subfield code="a">Holbrook news (Holbrook, Ariz. : Online)</subfield></datafield><datafield ind1=" " ind2="4" tag="222"><subfield code="a">The Holbrook news</subfield><subfield code="b">(Holbrook, Ariz. Online)</subfield></datafield><datafield ind1="1" ind2="4" tag="245"><subfield code="a">The Holbrook news.</subfield></datafield><datafield ind1=" " ind2="1" tag="264"><subfield code="a">Holbrook, Navajo County [Ariz.] :</subfield><subfield code="b">Sidney Sapp,</subfield><subfield code="c">1909-</subfield></datafield><datafield ind1=" " ind2=" " tag="300"><subfield code="a">1 online resource</subfield></datafield><datafield ind1=" " ind2=" " tag="310"><subfield code="a">Weekly</subfield></datafield><datafield ind1=" " ind2=" " tag="336"><subfield code="a">text</subfield><subfield code="b">txt</subfield><subfield code="2">rdacontent</subfield></datafield><datafield ind1=" " ind2=" " tag="337"><subfield code="a">computer</subfield><subfield code="b">c</subfield><subfield code="2">rdamedia</subfield></datafield><datafield ind1=" " ind2=" " tag="338"><subfield code="a">online resource</subfield><subfield code="b">cr</subfield><subfield code="2">rdacarrier</subfield></datafield><datafield ind1="1" ind2=" " tag="362"><subfield code="a">Began with vol. I, no. 1 (May 14, 1909); ceased v. 15, no. 40 (Feb 9, 1923).</subfield></datafield><datafield ind1=" " ind2=" " tag="500"><subfield code="a">Publisher varies: Holbrook News Publishing Co., Mar. 29, 1912-Mar. 12, 1915; G.M. Braxton, Mar. 19, 1915-&lt;Dec. 31, 1915&gt;; The Holbrook News Company, &lt;January 6-December 29, 1922&gt;.</subfield></datafield><datafield ind1=" " ind2=" " tag="580"><subfield code="a">Merged with: Holbrook tribune, to form: Holbrook tribune [and] Holbrook news.</subfield></datafield><datafield ind1=" " ind2=" " tag="588"><subfield code="a">Description based on: Vol. I, no. 1 (May 14, 1909); title from masthead (Chroniclingamerica.loc.gov, viewed October 1, 2014).</subfield></datafield><datafield ind1=" " ind2=" " tag="588"><subfield code="a">Latest issue consulted: Vol. 15, no. 34 (December 29, 1922) (Chroniclingamerica.loc.gov, viewed October 1, 2014).</subfield></datafield><datafield ind1=" " ind2="0" tag="651"><subfield code="a">Holbrook (Ariz.)</subfield><subfield code="v">Newspapers.</subfield></datafield><datafield ind1=" " ind2="0" tag="651"><subfield code="a">Navajo County (Ariz.)</subfield><subfield code="v">Newspapers.</subfield></datafield><datafield ind1=" " ind2="7" tag="655"><subfield code="a">Newspapers.</subfield><subfield code="2">fast</subfield><subfield code="0">(OCoLC)fst01423814</subfield></datafield><datafield ind1=" " ind2="7" tag="651"><subfield code="a">Arizona</subfield><subfield code="z">Holbrook.</subfield><subfield code="2">fast</subfield><subfield code="0">(OCoLC)fst01216936</subfield></datafield><datafield ind1=" " ind2="7" tag="651"><subfield code="a">Arizona</subfield><subfield code="z">Navajo County.</subfield><subfield code="2">fast</subfield><subfield code="0">(OCoLC)fst01217273</subfield></datafield><datafield ind1=" " ind2=" " tag="752"><subfield code="a">United States</subfield><subfield code="b">Arizona</subfield><subfield code="c">Navajo</subfield><subfield code="d">Holbrook.</subfield></datafield><datafield ind1="0" ind2="8" tag="776"><subfield code="i">Originally issued in print:</subfield><subfield code="t">Holbrook news (Holbrook, Ariz.)</subfield><subfield code="x">2375-1762</subfield><subfield code="w">(DLC)sn 95060791</subfield><subfield code="w">(OCoLC)25065436</subfield></datafield><datafield ind1="1" ind2="7" tag="785"><subfield code="t">Holbrook tribune (Online)</subfield></datafield><datafield ind1="1" ind2="7" tag="785"><subfield code="t">Holbrook tribune [and] Holbrook news (Online)</subfield></datafield><datafield ind1="4" ind2="0" tag="856"><subfield code="u">http://www.loc.gov/chroniclingamerica/lccn/sn95060791/issues</subfield></datafield></record>